
@misc{Hobbs,
	author       = {D. Hobbs},
	title        = {SPH Labs - Lab Manual},
	note         = {Given for FYSN33 - Computational Physics. Undated},
}